@INPROCEEDINGS{7345444,
author={H. A. Mangut and A. Al-Nemrat and C. Benza√Ød and A. R. H. Tawil},
booktitle={2015 IEEE Trustcom/BigDataSE/ISPA},
title={ARP Cache Poisoning Mitigation and Forensics Investigation},
year={2015},
volume={1},
number={},
pages={1392-1397},
keywords={cache storage;computer network security;digital forensics;protocols;ARP cache poisoning mitigation technique;ARP poisoning attack;Cisco switch;DAI;DHCP snooping;DoS;OSI layer 2 attack;address resolution protocol;denial of service;dynamic ARP inspection;forensic tools;host impersonation;man in the middle attack;network hosts;quantitative research approach;session hijacking;Forensics;IP networks;Logic gates;Organizations;Ports (Computers);Protocols;Switches;ARP cache poisoning;Attack mitigation;Forensic investigation},
doi={10.1109/Trustcom.2015.536},
ISSN={},
month={Aug},
}


@INPROCEEDINGS{Qinggui_Hu,
author={H. Qinggui},
booktitle={Joint International Mechanical, Electronic and Information Technology Conference (JIMET 2015)},
title={The new method to prevent ARP spoofing based on 802.1X protocol},
year={2015},
}

@article{elks2011man,
  title={Man in the Middle Attack: Focus on SSLStrip},
  author={Elks, Jordan},
  year={2011},
  publisher={East Carolina University Greenville, United States of Ame}
}

@techreport{hodges2012http,
  title={Http strict transport security (hsts)},
  author={Hodges, Jeff and Jackson, Collin and Barth, Adam},
  year={2012}
}

@article{selvi2014bypassing,
  title={Bypassing HTTP strict transport security},
  author={Selvi, Jose},
  journal={Black Hat Europe},
  year={2014}
}

